<record><leader>00000cas a22000007a 4500</leader><controlfield tag="001">11953636</controlfield><controlfield tag="008">850423d187618uualuwr ne      0    0eng d</controlfield><datafield ind1=" " ind2=" " tag="010"><subfield code="a">sn 85044601 </subfield></datafield><datafield ind1=" " ind2=" " tag="040"><subfield code="a">ALM</subfield><subfield code="b">eng</subfield><subfield code="c">ALM</subfield><subfield code="d">CPN</subfield><subfield code="d">ANU</subfield><subfield code="d">OCLCQ</subfield></datafield><datafield ind1=" " ind2=" " tag="042"><subfield code="a">msc</subfield></datafield><datafield ind1="0" ind2="4" tag="245"><subfield code="a">The Bullock County guide.</subfield></datafield><datafield ind1="1" ind2="3" tag="246"><subfield code="a">Bullock guide</subfield><subfield code="f">&lt;May 30-July 4, 1876&gt;</subfield></datafield><datafield ind1=" " ind2=" " tag="260"><subfield code="a">Union Springs, Bullock County, Ala. :</subfield><subfield code="b">James G. Cowan</subfield></datafield><datafield ind1=" " ind2=" " tag="300"><subfield code="a">v.</subfield></datafield><datafield ind1=" " ind2=" " tag="310"><subfield code="a">Weekly</subfield></datafield><datafield ind1="1" ind2=" " tag="362"><subfield code="a">Began in 1876.</subfield></datafield><datafield ind1=" " ind2=" " tag="500"><subfield code="a">Editor: R.H. Powell.</subfield></datafield><datafield ind1=" " ind2=" " tag="588"><subfield code="a">Description based on: Vol. 1, no. 3 (May 30, 1876).</subfield></datafield><datafield ind1="1" ind2=" " tag="700"><subfield code="a">Powell, R. H.</subfield></datafield><datafield ind1=" " ind2=" " tag="752"><subfield code="a">United States</subfield><subfield code="b">Alabama</subfield><subfield code="c">Bullock</subfield><subfield code="d">Union Springs.</subfield></datafield><datafield ind1="1" ind2=" " tag="029"><subfield code="a">AU@</subfield><subfield code="b">000025827988</subfield></datafield></record>